@article{fulano/1964,
            author = {Fulano, Sicrano},
             title = {Um Exemplo de Refer{\^e}ncia Bibliogr{\'a}fica do tipo article.},
           journal = {Revista Mensal de Ci{\^e}ncia},
            volume = {12},
            number = {11},
             pages = {340-346},
              year = {1964},
}

@article{ciclanoetal/1975,
            author = {Ciclano, Beltrano and Fulano, Sicrano},
             title = {Mais um exemplo de Refer{\^e}ncia Bibliogr{\'a}fica do tipo article.},
           journal = {Revista Mensal de Ci{\^e}ncia},
            volume = {2},
            number = {21},
             pages = {430-436},
              year = {1975},
}